@ARTICLE {davis.mermelstein.1980,
    author  = "Steven B. Davis and Paul Mermelstein",
    title   = "Comparison of Parametric Representations for Monosyllabic Word Recognition in Continuously Spoken Sentences",
    journal = "IEEE Transactions on Acoustics, Speech, and Signal Processing",
    year    = "1980",
    volume  = "ASSP-28",
    number  = "4",
    pages   = "357-366",
    month   = "aug"
}

@INPROCEEDINGS {bogert.healy.tukey.1963,
    author    = "B. P Bogert and M. J. R Healy and J. W Tukey",
    title     = "The quefrency alanysis of time series for echoes: cepstrum, pseudo-autocovariance, cross-cepstrum, and saphe cracking",
    booktitle = "Proceedings of the Symposium on Time Series Analysis",
    year      = "1963",
    editor    = "M. Rosenblatt",
    address   = "New York: John Wiley and Sons, Inc.",
    chapter   = "15",
    pages     = "209-243"
}

@ARTICLE {wolf.1972,
    author  = "Jared J. Wolf",
    title   = "Efficient acoustic parameters for speaker recognition",
    journal = "Journal of the Acoustical Society of America",
    year    = "1972",
    volume  = "51",
    pages   = "2044-2056"
}

@TECHREPORT {pinheiro.2013,
    author      = "Hector N. B. Pinheiro",
    title       = "Sistemas de Reconhecimento de Locutor Independente de Texto",
    institution = "Universidade Federal de Pernambuco",
    year        = "2013",
    type        = "Major Paper",
    month       = "jan"
}